@inproceedings{DBLP:conf/cav/McMillan03,
  author    = {Kenneth L. McMillan},
  title     = {Interpolation and SAT-Based Model Checking},
  booktitle = {Computer Aided Verification, 15th International Conference, {CAV}
               2003, Boulder, CO, USA, July 8-12, 2003, Proceedings},
  pages     = {1--13},
  year      = {2003},
  crossref  = {DBLP:conf/cav/2003},
  url       = {http://dx.doi.org/10.1007/978-3-540-45069-6_1},
  doi       = {10.1007/978-3-540-45069-6_1},
  timestamp = {Fri, 22 Nov 2013 12:57:23 +0100},
  biburl    = {http://dblp.uni-trier.de/rec/bib/conf/cav/McMillan03},
  bibsource = {dblp computer science bibliography, http://dblp.org}
}

@proceedings{DBLP:conf/cav/2003,
  editor    = {Warren A. Hunt Jr. and
               Fabio Somenzi},
  title     = {Computer Aided Verification, 15th International Conference, {CAV}
               2003, Boulder, CO, USA, July 8-12, 2003, Proceedings},
  series    = {Lecture Notes in Computer Science},
  volume    = {2725},
  publisher = {Springer},
  year      = {2003},
  isbn      = {3-540-40524-0},
  timestamp = {Thu, 09 Oct 2003 12:34:44 +0200},
  biburl    = {http://dblp.uni-trier.de/rec/bib/conf/cav/2003},
  bibsource = {dblp computer science bibliography, http://dblp.org}
}

@inproceedings{DBLP:conf/cav/AlbarghouthiM13,
  author    = {Aws Albarghouthi and
               Kenneth L. McMillan},
  title     = {Beautiful Interpolants},
  booktitle = {Computer Aided Verification - 25th International Conference, {CAV}
               2013, Saint Petersburg, Russia, July 13-19, 2013. Proceedings},
  pages     = {313--329},
  year      = {2013},
  crossref  = {DBLP:conf/cav/2013},
  url       = {http://dx.doi.org/10.1007/978-3-642-39799-8_22},
  doi       = {10.1007/978-3-642-39799-8_22},
  timestamp = {Fri, 12 Jul 2013 13:57:42 +0200},
  biburl    = {http://dblp.uni-trier.de/rec/bib/conf/cav/AlbarghouthiM13},
  bibsource = {dblp computer science bibliography, http://dblp.org}
}

@proceedings{DBLP:conf/cav/2013,
  editor    = {Natasha Sharygina and
               Helmut Veith},
  title     = {Computer Aided Verification - 25th International Conference, {CAV}
               2013, Saint Petersburg, Russia, July 13-19, 2013. Proceedings},
  series    = {Lecture Notes in Computer Science},
  volume    = {8044},
  publisher = {Springer},
  year      = {2013},
  url       = {http://dx.doi.org/10.1007/978-3-642-39799-8},
  doi       = {10.1007/978-3-642-39799-8},
  isbn      = {978-3-642-39798-1},
  timestamp = {Fri, 12 Jul 2013 13:53:11 +0200},
  biburl    = {http://dblp.uni-trier.de/rec/bib/conf/cav/2013},
  bibsource = {dblp computer science bibliography, http://dblp.org}
}

@inproceedings{DBLP:conf/fmcad/McMillan11,
  author    = {Kenneth L. McMillan},
  title     = {Interpolants from {Z3} proofs},
  booktitle = {International Conference on Formal Methods in Computer-Aided Design,
               {FMCAD} '11, Austin, TX, USA, October 30 - November 02, 2011},
  pages     = {19--27},
  year      = {2011},
  crossref  = {DBLP:conf/fmcad/2011},
  url       = {http://dl.acm.org/citation.cfm?id=2157661},
  timestamp = {Mon, 13 Aug 2012 09:10:43 +0200},
  biburl    = {http://dblp.uni-trier.de/rec/bib/conf/fmcad/McMillan11},
  bibsource = {dblp computer science bibliography, http://dblp.org}
}

@proceedings{DBLP:conf/fmcad/2011,
  editor    = {Per Bjesse and
               Anna Slobodov{\'{a}}},
  title     = {International Conference on Formal Methods in Computer-Aided Design,
               {FMCAD} '11, Austin, TX, USA, October 30 - November 02, 2011},
  publisher = {{FMCAD} Inc.},
  year      = {2011},
  url       = {http://dl.acm.org/citation.cfm?id=2157654},
  isbn      = {978-0-9835678-1-3},
  timestamp = {Mon, 13 Aug 2012 09:09:14 +0200},
  biburl    = {http://dblp.uni-trier.de/rec/bib/conf/fmcad/2011},
  bibsource = {dblp computer science bibliography, http://dblp.org}
}

@inproceedings{DBLP:conf/sas/McMillan11,
  author    = {Kenneth L. McMillan},
  title     = {Widening and Interpolation},
  booktitle = {Static Analysis - 18th International Symposium, {SAS} 2011, Venice,
               Italy, September 14-16, 2011. Proceedings},
  pages     = {1},
  year      = {2011},
  crossref  = {DBLP:conf/sas/2011},
  url       = {http://dx.doi.org/10.1007/978-3-642-23702-7_1},
  doi       = {10.1007/978-3-642-23702-7_1},
  timestamp = {Tue, 13 Sep 2011 19:16:36 +0200},
  biburl    = {http://dblp.uni-trier.de/rec/bib/conf/sas/McMillan11},
  bibsource = {dblp computer science bibliography, http://dblp.org}
}

@proceedings{DBLP:conf/sas/2011,
  editor    = {Eran Yahav},
  title     = {Static Analysis - 18th International Symposium, {SAS} 2011, Venice,
               Italy, September 14-16, 2011. Proceedings},
  series    = {Lecture Notes in Computer Science},
  volume    = {6887},
  publisher = {Springer},
  year      = {2011},
  url       = {http://dx.doi.org/10.1007/978-3-642-23702-7},
  doi       = {10.1007/978-3-642-23702-7},
  isbn      = {978-3-642-23701-0},
  timestamp = {Tue, 13 Sep 2011 19:14:36 +0200},
  biburl    = {http://dblp.uni-trier.de/rec/bib/conf/sas/2011},
  bibsource = {dblp computer science bibliography, http://dblp.org}
}

@inproceedings{DBLP:conf/vmcai/McMillan07,
  author    = {Kenneth L. McMillan},
  title     = {Interpolants and Symbolic Model Checking},
  booktitle = {Verification, Model Checking, and Abstract Interpretation, 8th International
               Conference, {VMCAI} 2007, Nice, France, January 14-16, 2007, Proceedings},
  pages     = {89--90},
  year      = {2007},
  crossref  = {DBLP:conf/vmcai/2007},
  url       = {http://dx.doi.org/10.1007/978-3-540-69738-1_6},
  doi       = {10.1007/978-3-540-69738-1_6},
  timestamp = {Tue, 08 Jan 2008 08:53:10 +0100},
  biburl    = {http://dblp.uni-trier.de/rec/bib/conf/vmcai/McMillan07},
  bibsource = {dblp computer science bibliography, http://dblp.org}
}

@proceedings{DBLP:conf/vmcai/2007,
  editor    = {Byron Cook and
               Andreas Podelski},
  title     = {Verification, Model Checking, and Abstract Interpretation, 8th International
               Conference, {VMCAI} 2007, Nice, France, January 14-16, 2007, Proceedings},
  series    = {Lecture Notes in Computer Science},
  volume    = {4349},
  publisher = {Springer},
  year      = {2007},
  isbn      = {978-3-540-69735-0},
  timestamp = {Tue, 08 Jan 2008 08:53:10 +0100},
  biburl    = {http://dblp.uni-trier.de/rec/bib/conf/vmcai/2007},
  bibsource = {dblp computer science bibliography, http://dblp.org}
}

@inproceedings{DBLP:conf/cav/McMillan06,
  author    = {Kenneth L. McMillan},
  title     = {Lazy Abstraction with Interpolants},
  booktitle = {Computer Aided Verification, 18th International Conference, {CAV}
               2006, Seattle, WA, USA, August 17-20, 2006, Proceedings},
  pages     = {123--136},
  year      = {2006},
  crossref  = {DBLP:conf/cav/2006},
  url       = {http://dx.doi.org/10.1007/11817963_14},
  doi       = {10.1007/11817963_14},
  timestamp = {Mon, 21 Aug 2006 09:57:39 +0200},
  biburl    = {http://dblp.uni-trier.de/rec/bib/conf/cav/McMillan06},
  bibsource = {dblp computer science bibliography, http://dblp.org}
}

@proceedings{DBLP:conf/cav/2006,
  editor    = {Thomas Ball and
               Robert B. Jones},
  title     = {Computer Aided Verification, 18th International Conference, {CAV}
               2006, Seattle, WA, USA, August 17-20, 2006, Proceedings},
  series    = {Lecture Notes in Computer Science},
  volume    = {4144},
  publisher = {Springer},
  year      = {2006},
  isbn      = {3-540-37406-X},
  timestamp = {Mon, 21 Aug 2006 09:57:39 +0200},
  biburl    = {http://dblp.uni-trier.de/rec/bib/conf/cav/2006},
  bibsource = {dblp computer science bibliography, http://dblp.org}
}

@inproceedings{DBLP:conf/esop/AlbarghouthiBCK15,
  author    = {Aws Albarghouthi and
               Josh Berdine and
               Byron Cook and
               Zachary Kincaid},
  title     = {Spatial Interpolants},
  booktitle = {Programming Languages and Systems - 24th European Symposium on Programming,
               {ESOP} 2015, Held as Part of the European Joint Conferences on Theory
               and Practice of Software, {ETAPS} 2015, London, UK, April 11-18, 2015.
               Proceedings},
  pages     = {634--660},
  year      = {2015},
  crossref  = {DBLP:conf/esop/2015},
  url       = {http://dx.doi.org/10.1007/978-3-662-46669-8_26},
  doi       = {10.1007/978-3-662-46669-8_26},
  timestamp = {Tue, 07 Apr 2015 15:19:02 +0200},
  biburl    = {http://dblp.uni-trier.de/rec/bib/conf/esop/AlbarghouthiBCK15},
  bibsource = {dblp computer science bibliography, http://dblp.org}
}

@proceedings{DBLP:conf/esop/2015,
  editor    = {Jan Vitek},
  title     = {Programming Languages and Systems - 24th European Symposium on Programming,
               {ESOP} 2015, Held as Part of the European Joint Conferences on Theory
               and Practice of Software, {ETAPS} 2015, London, UK, April 11-18, 2015.
               Proceedings},
  series    = {Lecture Notes in Computer Science},
  volume    = {9032},
  publisher = {Springer},
  year      = {2015},
  url       = {http://dx.doi.org/10.1007/978-3-662-46669-8},
  doi       = {10.1007/978-3-662-46669-8},
  isbn      = {978-3-662-46668-1},
  timestamp = {Tue, 07 Apr 2015 15:18:50 +0200},
  biburl    = {http://dblp.uni-trier.de/rec/bib/conf/esop/2015},
  bibsource = {dblp computer science bibliography, http://dblp.org}
}

@inproceedings{DBLP:conf/cav/AlbarghouthiLGC12,
  author    = {Aws Albarghouthi and
               Yi Li and
               Arie Gurfinkel and
               Marsha Chechik},
  title     = {Ufo: {A} Framework for Abstraction- and Interpolation-Based Software
               Verification},
  booktitle = {Computer Aided Verification - 24th International Conference, {CAV}
               2012, Berkeley, CA, USA, July 7-13, 2012 Proceedings},
  pages     = {672--678},
  year      = {2012},
  crossref  = {DBLP:conf/cav/2012},
  url       = {http://dx.doi.org/10.1007/978-3-642-31424-7_48},
  doi       = {10.1007/978-3-642-31424-7_48},
  timestamp = {Tue, 03 Jul 2012 08:52:37 +0200},
  biburl    = {http://dblp.uni-trier.de/rec/bib/conf/cav/AlbarghouthiLGC12},
  bibsource = {dblp computer science bibliography, http://dblp.org}
}

@proceedings{DBLP:conf/cav/2012,
  editor    = {P. Madhusudan and
               Sanjit A. Seshia},
  title     = {Computer Aided Verification - 24th International Conference, {CAV}
               2012, Berkeley, CA, USA, July 7-13, 2012 Proceedings},
  series    = {Lecture Notes in Computer Science},
  volume    = {7358},
  publisher = {Springer},
  year      = {2012},
  url       = {http://dx.doi.org/10.1007/978-3-642-31424-7},
  doi       = {10.1007/978-3-642-31424-7},
  isbn      = {978-3-642-31423-0},
  timestamp = {Tue, 03 Jul 2012 08:38:09 +0200},
  biburl    = {http://dblp.uni-trier.de/rec/bib/conf/cav/2012},
  bibsource = {dblp computer science bibliography, http://dblp.org}
}

@inproceedings{DBLP:conf/vmcai/AlbarghouthiGC12,
  author    = {Aws Albarghouthi and
               Arie Gurfinkel and
               Marsha Chechik},
  title     = {Whale: An Interpolation-Based Algorithm for Inter-procedural Verification},
  booktitle = {Verification, Model Checking, and Abstract Interpretation - 13th International
               Conference, {VMCAI} 2012, Philadelphia, PA, USA, January 22-24, 2012.
               Proceedings},
  pages     = {39--55},
  year      = {2012},
  crossref  = {DBLP:conf/vmcai/2012},
  url       = {http://dx.doi.org/10.1007/978-3-642-27940-9_4},
  doi       = {10.1007/978-3-642-27940-9_4},
  timestamp = {Mon, 23 Jan 2012 19:27:00 +0100},
  biburl    = {http://dblp.uni-trier.de/rec/bib/conf/vmcai/AlbarghouthiGC12},
  bibsource = {dblp computer science bibliography, http://dblp.org}
}

@proceedings{DBLP:conf/vmcai/2012,
  editor    = {Viktor Kuncak and
               Andrey Rybalchenko},
  title     = {Verification, Model Checking, and Abstract Interpretation - 13th International
               Conference, {VMCAI} 2012, Philadelphia, PA, USA, January 22-24, 2012.
               Proceedings},
  series    = {Lecture Notes in Computer Science},
  volume    = {7148},
  publisher = {Springer},
  year      = {2012},
  url       = {http://dx.doi.org/10.1007/978-3-642-27940-9},
  doi       = {10.1007/978-3-642-27940-9},
  isbn      = {978-3-642-27939-3},
  timestamp = {Mon, 23 Jan 2012 19:26:15 +0100},
  biburl    = {http://dblp.uni-trier.de/rec/bib/conf/vmcai/2012},
  bibsource = {dblp computer science bibliography, http://dblp.org}
}

@inproceedings{DBLP:conf/sigsoft/SchafSW13,
  author    = {Martin Sch{\"{a}}f and
               Daniel Schwartz{-}Narbonne and
               Thomas Wies},
  title     = {Explaining inconsistent code},
  booktitle = {Joint Meeting of the European Software Engineering Conference and
               the {ACM} {SIGSOFT} Symposium on the Foundations of Software Engineering,
               ESEC/FSE'13, Saint Petersburg, Russian Federation, August 18-26, 2013},
  pages     = {521--531},
  year      = {2013},
  crossref  = {DBLP:conf/sigsoft/2013},
  url       = {http://doi.acm.org/10.1145/2491411.2491448},
  doi       = {10.1145/2491411.2491448},
  timestamp = {Sat, 31 Aug 2013 17:43:06 +0200},
  biburl    = {http://dblp.uni-trier.de/rec/bib/conf/sigsoft/SchafSW13},
  bibsource = {dblp computer science bibliography, http://dblp.org}
}

@proceedings{DBLP:conf/sigsoft/2013,
  editor    = {Bertrand Meyer and
               Luciano Baresi and
               Mira Mezini},
  title     = {Joint Meeting of the European Software Engineering Conference and
               the {ACM} {SIGSOFT} Symposium on the Foundations of Software Engineering,
               ESEC/FSE'13, Saint Petersburg, Russian Federation, August 18-26, 2013},
  publisher = {{ACM}},
  year      = {2013},
  url       = {http://dl.acm.org/citation.cfm?id=2491411},
  isbn      = {978-1-4503-2237-9},
  timestamp = {Sat, 31 Aug 2013 17:29:40 +0200},
  biburl    = {http://dblp.uni-trier.de/rec/bib/conf/sigsoft/2013},
  bibsource = {dblp computer science bibliography, http://dblp.org}
}

@inproceedings{DBLP:conf/vmcai/ChristESW13,
  author    = {J{\"{u}}rgen Christ and
               Evren Ermis and
               Martin Sch{\"{a}}f and
               Thomas Wies},
  title     = {Flow-Sensitive Fault Localization},
  booktitle = {Verification, Model Checking, and Abstract Interpretation, 14th International
               Conference, {VMCAI} 2013, Rome, Italy, January 20-22, 2013. Proceedings},
  pages     = {189--208},
  year      = {2013},
  crossref  = {DBLP:conf/vmcai/2013},
  url       = {http://dx.doi.org/10.1007/978-3-642-35873-9_13},
  doi       = {10.1007/978-3-642-35873-9_13},
  timestamp = {Fri, 25 Jan 2013 09:43:18 +0100},
  biburl    = {http://dblp.uni-trier.de/rec/bib/conf/vmcai/ChristESW13},
  bibsource = {dblp computer science bibliography, http://dblp.org}
}

@proceedings{DBLP:conf/vmcai/2013,
  editor    = {Roberto Giacobazzi and
               Josh Berdine and
               Isabella Mastroeni},
  title     = {Verification, Model Checking, and Abstract Interpretation, 14th International
               Conference, {VMCAI} 2013, Rome, Italy, January 20-22, 2013. Proceedings},
  series    = {Lecture Notes in Computer Science},
  volume    = {7737},
  publisher = {Springer},
  year      = {2013},
  url       = {http://dx.doi.org/10.1007/978-3-642-35873-9},
  doi       = {10.1007/978-3-642-35873-9},
  isbn      = {978-3-642-35872-2},
  timestamp = {Fri, 25 Jan 2013 09:36:24 +0100},
  biburl    = {http://dblp.uni-trier.de/rec/bib/conf/vmcai/2013},
  bibsource = {dblp computer science bibliography, http://dblp.org}
}

@inproceedings{DBLP:conf/fm/ErmisSW12,
  author    = {Evren Ermis and
               Martin Sch{\"{a}}f and
               Thomas Wies},
  title     = {Error Invariants},
  booktitle = {{FM} 2012: Formal Methods - 18th International Symposium, Paris, France,
               August 27-31, 2012. Proceedings},
  pages     = {187--201},
  year      = {2012},
  crossref  = {DBLP:conf/fm/2012},
  url       = {http://dx.doi.org/10.1007/978-3-642-32759-9_17},
  doi       = {10.1007/978-3-642-32759-9_17},
  timestamp = {Tue, 04 Sep 2012 10:21:24 +0200},
  biburl    = {http://dblp.uni-trier.de/rec/bib/conf/fm/ErmisSW12},
  bibsource = {dblp computer science bibliography, http://dblp.org}
}

@proceedings{DBLP:conf/fm/2012,
  editor    = {Dimitra Giannakopoulou and
               Dominique M{\'{e}}ry},
  title     = {{FM} 2012: Formal Methods - 18th International Symposium, Paris, France,
               August 27-31, 2012. Proceedings},
  series    = {Lecture Notes in Computer Science},
  volume    = {7436},
  publisher = {Springer},
  year      = {2012},
  url       = {http://dx.doi.org/10.1007/978-3-642-32759-9},
  doi       = {10.1007/978-3-642-32759-9},
  isbn      = {978-3-642-32758-2},
  timestamp = {Tue, 04 Sep 2012 10:14:39 +0200},
  biburl    = {http://dblp.uni-trier.de/rec/bib/conf/fm/2012},
  bibsource = {dblp computer science bibliography, http://dblp.org}
}

